@incollection{martin-lof_1975,
	address = {Bristol},
	series = {Studies in {Logic} and the {Foundations} of {Mathematics}},
	title = {An {Intuitionistic} {Theory} of {Types}: {Predicative} {Part}},
	number = {80},
	booktitle = {Logic {Colloquium} '73},
	publisher = {Elsevier},
	author = {Martin-L\"{o}f, Per},
	editor = {Rose, H. E. and Shepherdson, J. C.},
	year = {1975},
	doi = {10.1016/S0049-237X(08)71945-1},
	pages = {73--118},
}